@Misc{siteWiki,
howpublished = "\url{http://fr.wikipedia.org/wiki/Android}",
author = {Presentation of Android}
}

@Misc{siteSDK,
howpublished = "\url{http://developer.android.com/sdk/index.html}",
author = {Download the Andoid SDK}
}

@Misc{siteReference,
howpublished = "\url{http://developer.android.com/reference/packages.html}",
author = {Official documentation of Android}
}

@Misc{siteExample,
howpublished = "\url{http://developer.android.com/resources}",
author = {Examples of Android Applications}
}

@Misc{siteIcon,
howpublished = "\url{http://androiddrawableexplorer.appspot.com/}",
author = {Icons that can be used in applications by default}
}

@Misc{siteTutoMobile,
howpublished = "\url{http://www.tutomobile.fr/category/tutorial-android}",
author = {Tutorials about Android}
}

@Misc{siteDeveloppez,
howpublished = "\url{http://android.developpez.com}",
author = {Website containing tutorials and a forum on Android}
}

@Misc{siteFrAndroid,
howpublished = "\url{http://www.frandroid.com}",
author = {Website of news about android}
}

@Misc{sitePHP,
howpublished = "\url{http://www.php.net/manual/fr/}",
author = {French documentation of PHP}
}
